@article{Jackson1936,
    author = { D. Jackson },
    doi = { https://doi.org/10.2307/1989866 },
    issue = { 2 },
    journal = { Transactions of the American Mathematical Society },
    pages = { 225--225 },
    publisher = { {JSTOR} },
    title = { {Bernstein's} Theorem and Trigonometric Approximation },
    volume = { 40 },
    year = { 1936 }
}

@article{Diffie1976,
    author = { W. Diffie and M. Hellman },
    doi = { https://doi.org/10.1109/tit.1976.1055638 },
    issue = { 6 },
    journal = { {IEEE} Transactions on Information Theory },
    pages = { 644--654 },
    publisher = { Institute of Electrical and Electronics Engineers {(IEEE)} },
    title = { New Directions in Cryptography },
    volume = { 22 },
    year = { 1976 }
}
